
@TechReport{fujiyama-2004,
  Title                    = {Pedestrian Speeds on Stairs An Initial Step for a Simulation Model},
  Author                   = {Taku Fujiyama and Nick Tyler},
  Institution              = {Centre for Transport Studies, University College London},
  Year                     = {2004},
  File                     = {fujiyama-2004.pdf:Reports\\fujiyama-2004.pdf:PDF}
}

@PhdThesis{kneidl-2013,
    title           = {Methoden zur Abbildung menschlichen Navigationsverhaltens bei der Modellierung von Fu{\ss}g\"angerstr\"omen},
    author          = {Angelika Kneidl},
    school          = {Technische Universit\"at M\"unchen},
    year            = {2013},
    language        = {german}
}

@MastersThesis{zarnitz-2015,
    title           = {Kombinierte {M}odellierung von {F}u{\ss}g\"anger - und {K}raftfahrzeugverkehr in vereinfachten {S}ituationen},
    author          = {Johannes Peter Zarnitz},
    school          = {Technische Universit\"at M\"unchen},
    year            = {2015},
    language        = {german}
}

@Unpublished{isabella-czech-tu-slides,
    title           = {Multidisciplinary research on pedestrian dynamics at the {MUAS}},
    author          = {Isabella von Sivers},
    school          = {Munich University of Applied Sciences},
    year            = {2016},
    language        = {english}
}


@Book{GoF,
    author          = {Erich Gamma and Richard Helm and Ralph Johnson and John Vlissides},
    title           = {Design Patterns. Elements of Reusable Object-Oriented Software},
    publisher       = {Addison-Wesley},
    year            = {1995},
    isbn            = {0-201-63361-2},
    language        = {english}
}

@misc{simplejson,
    author          = {Bunny83},
    title           = {Simple{J}SON: {A} simple {JSON} parser in {C}\#},
    howpublished    = {\url{https://github.com/Bunny83/SimpleJSON}}
}

@misc{hm-site,
    author          = {HM},
    title           = {Webseite der {H}ochschule {M}ünchen},
    howpublished    = {\url{http://hm.edu/}}
}

@TechReport{moussaid-2010b,
  Title                    = {The Walking Behaviour of Pedestrian Social Groups and
Its Impact on Crowd Dynamics},
  Author                   = {Mehdi Moussa\"{i}d},
  Year                     = {2010},
}

@TechReport{jamesj-1953,
    Author          = {James J},
    Title           = {The Distribution of Free-Forming Small Group Size},
    Year = {1953}
}

@TechReport{weidmann-1993,
    Author          = {Ulrich Weidmann},
    Title           = {Transporttechnik der Fussgänger},
    Year            = {1993}
}

@online{barnboox.de,
  url = {http://www.barnboox.de/pferdewissen/ausbildung/allgemeine-grundlagen/pferde-wissen-von-links-aufsteigen-leichttraben-scheuklappen-total/},
  urldate = {2016-12-14}
}

@online{Wikipedia-Scheuklappen,
  title = {Scheuklappen},
  year = 2016,
  url = {https://de.wikipedia.org/wiki/Scheuklappen},
  urldate = {2016-12-14}
}